@online{wiki:crittografia,
    author   = {Wikipedia},
    title    = {Crittografia asimmetrica},
    year     = {2023},
    url      = {https://it.wikipedia.org/wiki/Crittografia_asimmetrica},
    keywords = {italiano}
 }

@online{wiki:webtrust,
    author   = {Wikipedia},
    title    = {Web of Trust},
    year     = {2023},
    url      = {https://it.wikipedia.org/wiki/Web_of_trust},
    keywords = {italiano}
}

@online{wiki:ksp,
    author   = {Wikipedia},
    title    = {Key signing party},
    year     = {2023},
    url      = {https://it.wikipedia.org/wiki/Key_signing_party},
    keywords = {italiano}
}

@online{gnupg:keylength,
    author   = {{The GnuPG Project}},
    title    = {Why does GnuPG default to 2048 bit RSA-2048?},
    year     = {2015},
    url      = {https://www.gnupg.org/faq/gnupg-faq.html#default_rsa2048},
    keywords = {inglese}
}

@online{yubico:keylength,
    author   = {Yubico},
    title    = {The Big Debate, 2048 vs. 4096, Yubico’s Position},
    year     = {2015},
    url      = {https://www.yubico.com/2015/02/big-debate-2048-4096-yubicos-stand/},
    keywords = {inglese}
}

@online{debian,
    author   = {{Debian Wiki}},
    title    = {Subkeys},
    year     = {2018},
    url      = {https://wiki.debian.org/Subkeys},
    keywords = {inglese}
}

@online{riseup,
    author   = {Riseup},
    title    = {OpenPGP Best Practices},
    year     = {},
    url      = {https://riseup.net/en/security/message-security/openpgp/best-practices},
    keywords = {inglese}
}

@online{tjl73,
    author   = {\numerimaiuscoli{TJL73}},
    title    = {Creazione di chiavi sicure (ossìa, come generare con GnuPG una
                coppia di chiavi per poterla conservare in modo ``abbastanza'' sicuro)},
    year     = {2021},
    url      = {http://tjl73.altervista.org/secure_keygen/},
    keywords = {italiano},
    sortname = {TJL73}
}

@online{severance,
    author   = {Eric Severance},
    title    = {PGP and SSH keys on a Yubikey NEO},
    year     = {2015},
    url      = {https://www.esev.com/blog/post/2015-01-pgp-ssh-key-on-yubikey-neo/},
    keywords = {inglese}
}

@online{cabal,
    author   = {Alex Cabal},
    title    = {Creating the perfect GPG keypair},
    year     = {2013},
    url      = {https://alexcabal.com/creating-the-perfect-gpg-keypair/},
    keywords = {inglese}
}

@online{thapaliya,
    author   = {Suvash Thapaliya},
    title    = {Using GPG and SSH keys (GnuPG 2.1) with a Smartcard (Yubikey 4)},
    year     = {2017},
    url      = {https://suva.sh/posts/gpg-ssh-smartcard-yubikey-keybase/},
    keywords = {inglese}
}

@online{drduh,
    author   = {Drduh},
    title    = {Guide to using YubiKey as a SmartCard for GPG and SSH},
    year     = {2020},
    url      = {https://github.com/drduh/YubiKey-Guide},
    keywords = {inglese}
}
